
@InProceedings{	  imagemanagement,
  author	= {Javier Diaz and Gregor von Laszewski and Fugang Wang and
		  Geoffrey C. Fox},
  title		= {{Abstract Image Management and Universal Image
		  Registration for Cloud and HPC Infrastructures}},
  booktitle	= {IEEE Cloud 2012},
  year		= {2012},
  address	= {Honolulu},
  month		= jun,
  doi		= {10.1109/CLOUD.2012.94},
  file		= {vonLaszewski-12-IEEECloud2012.pdf:http\://cyberaide.googlecode.com/svn/trunk/papers/12-cloud12-imagemanagement/vonLaszewski-12-IEEECloud2012.pdf:PDF}
		  ,
  pdf		= {http://cyberaide.googlecode.com/svn/trunk/papers/12-cloud12-imagemanagement/vonLaszewski-12-IEEECloud2012.pdf}
		  ,
  url		= {http://cyberaide.googlecode.com/svn/trunk/papers/12-cloud12-imagemanagement/vonLaszewski-12-IEEECloud2012.pdf}
		  
}

@InProceedings{	  fg-1295,
  author	= {Javier Diaz and Gregor von Laszewski and Fugang Wang and
		  Younge, Andrew J and Geoffrey C. Fox},
  title		= {{FutureGrid Image Repository: A Generic Catalog and
		  Storage System for Heterogeneous Virtual Machine Images}},
  booktitle	= {Third IEEE International Conference on Coud Computing
		  Technology and Science (CloudCom2011)},
  year		= {2011},
  pages		= {560-564},
  address	= {Athens, Greece},
  month		= {12/2011},
  doi		= {10.1109/CloudCom.2011.85},
  file		= {vonLaszewski-draft-11-imagerepo.pdf:http\://cyberaide.googlecode.com/svn/trunk/papers/11-cloudcom11-imagerepo/vonLaszewski-draft-11-imagerepo.pdf:PDF}
		  ,
  keywords	= {image repository},
  pdf		= {http://cyberaide.googlecode.com/svn/trunk/papers/11-cloudcom11-imagerepo/vonLaszewski-draft-11-imagerepo.pdf}
		  ,
  type		= {paper},
  url		= {http://cyberaide.googlecode.com/svn/trunk/papers/11-cloudcom11-imagerepo/vonLaszewski-draft-11-imagerepo.pdf}
		  
}

@InBook{	  las12fg-bookchapter,
  chapter	= {{FutureGrid - a reconfigurable testbed for Cloud, HPC and
		  Grid Computing}},
  title		= {{Contemporary HPC Architectures}},
  year		= {2012},
  author	= {Geoffrey C. Fox and Gregor von Laszewski and Javier Diaz
		  and Kate Keahey and Jose Fortes and Renato Figueiredo and
		  Shava Smallen and Warren Smith and Andrew Grimshaw},
  edition	= {draft},
  file		= {vonLaszewski-12-fg-bookchapter.pdf:http\://cyberaide.googlecode.com/svn/trunk/papers/pdf/vonLaszewski-12-fg-bookchapter.pdf:PDF}
		  ,
  pdf		= {http://cyberaide.googlecode.com/svn/trunk/papers/pdf/vonLaszewski-12-fg-bookchapter.pdf}
		  ,
  url		= {http://cyberaide.googlecode.com/svn/trunk/papers/pdf/vonLaszewski-12-fg-bookchapter.pdf}
		  
}

@InProceedings{	  las13xdmod,
  author	= {Furlani, Thomas R. and Schneider, Barry L. and Jones,
		  Matthew D. and Towns, John and Hart, David L. and Gallo,
		  Steven M. and DeLeon, Robert L. and Lu, Charng-Da and
		  Ghadersohi, Amin and Gentner, Ryan J. and Patra, Abani K.
		  and von Laszewski, Gregor and Wang, Fugang and Palmer,
		  Jeffrey T. and Simakov, Nikolay},
  title		= {{Using XDMoD to Facilitate XSEDE Operations, Planning and
		  Analysis}},
  booktitle	= {{Proceedings of the Conference on Extreme Science and
		  Engineering Discovery Environment: Gateway to Discovery}},
  year		= {2013},
  series	= {XSEDE '13},
  pages		= {46:1--46:8},
  address	= {New York, NY, USA},
  publisher	= {ACM},
  acmid		= {2484763},
  articleno	= {46},
  doi		= {10.1145/2484762.2484763},
  isbn		= {978-1-4503-2170-9},
  keywords	= {CI performance metrics, HPC metrics, XDMoD, XSEDE,
		  application kernels, technology audit service},
  location	= {San Diego, California},
  numpages	= {8}
}

@InProceedings{	  comparisoncloud,
  author	= {Gregor von Laszewski and Javier Diaz and Fugang Wang and
		  Geoffrey C. Fox},
  title		= {{Comparison of Multiple Cloud Frameworks}},
  booktitle	= {IEEE Cloud 2012},
  year		= {2012},
  address	= {Honolulu, HI},
  month		= jun,
  doi		= {10.1109/CLOUD.2012.104},
  file		= {laszewski-IEEECloud2012_id-4803.pdf:http\://cyberaide.googlecode.com/svn/trunk/papers/12-cloud12-cloudcompare/laszewski-IEEECloud2012_id-4803.pdf:PDF}
		  ,
  pdf		= {http://cyberaide.googlecode.com/svn/trunk/papers/12-cloud12-cloudcompare/laszewski-IEEECloud2012_id-4803.pdf}
		  ,
  url		= {http://cyberaide.googlecode.com/svn/trunk/papers/12-cloud12-cloudcompare/laszewski-IEEECloud2012_id-4803.pdf}
		  
}

@InBook{	  vonlaszewski-bigdata-bookchapter2014,
  chapter	= {{The FutureGrid Testbed for Big Data}},
  pages		= {TBD},
  title		= {TBD},
  publisher	= {TBD},
  year		= {2014},
  editor	= {Judy Qiu},
  author	= {von Laszewski, Gregor and Geoffrey Fox},
  address	= {Indiana University}
}

@InProceedings{	  las2010gce,
  author	= {Gregor von Laszewski and Geoffrey C. Fox and Fugang Wang
		  and Younge, Andrew J and Kulshrestha and Gregory G. Pike
		  and Warren Smith and Jens Voeckler and Renato J. Figueiredo
		  and Jose Fortes and Kate Keahey and Ewa Deelman},
  title		= {{Design of the FutureGrid Experiment Management
		  Framework}},
  booktitle	= {Proceedings of Gateway Computing Environments 2010
		  (GCE2010) at SC10},
  year		= {2010},
  address	= {New Orleans, LA},
  month		= nov,
  publisher	= {IEEE},
  doi		= {10.1109/GCE.2010.5676126},
  file		= {vonLaszewski-10-FG-exp-GCE10.pdf:http\://cyberaide.googlecode.com/svn/trunk/papers/10-FG-exp-GCE10/vonLaszewski-10-FG-exp-GCE10.pdf:PDF}
		  ,
  otherlabel	= {fg-171},
  pdf		= {http://cyberaide.googlecode.com/svn/trunk/papers/10-FG-exp-GCE10/vonLaszewski-10-FG-exp-GCE10.pdf}
		  ,
  url		= {http://cyberaide.googlecode.com/svn/trunk/papers/10-FG-exp-GCE10/vonLaszewski-10-FG-exp-GCE10.pdf}
		  
}

@InProceedings{	  las08federated-cloud,
  author	= {von Laszewski, Gregor and Lee, Hyungro and Diaz, Javier
		  and Wang, Fugang and Tanaka, Koji and Karavinkoppa,
		  Shubhada and Fox, Geoffrey C. and Furlani, Tom},
  title		= {{Design of an Accounting and Metric-basedcloud-shifting
		  and Cloud-seeding Framework for Federatedclouds and
		  Bare-metal Environments}},
  booktitle	= {Proceedings of the 2012 Workshop on Cloud Services,
		  Federation, and the 8th Open Cirrus Summit},
  year		= {2012},
  series	= {FederatedClouds '12},
  pages		= {25--32},
  address	= {New York, NY, USA},
  publisher	= {ACM},
  acmid		= {2378982},
  doi		= {10.1145/2378975.2378982},
  isbn		= {978-1-4503-1754-2},
  keywords	= {cloud metric, cloud seeding, cloud shifting, dynamic
		  provisioning, federated clouds, futuregrid, rain},
  location	= {San Jose, California, USA},
  numpages	= {8}
}

@Misc{		  github-cloudmesh,
  author	= {Gregor},
  title		= {{Cloudmesh on Github}},
  howpublished	= {Web Page},
  owner		= {flat},
  timestamp	= {2014.03.10},
  url		= {http://cloudmesh.github.io/cloudmesh/}
}

@InProceedings{	  phantom12,
  author	= {Keahey, Kate and Armstrong, Patrick and Bresnahan, John
		  and LaBissoniere, David and Riteau, Pierre},
  title		= {Infrastructure Outsourcing in Multi-cloud Environment},
  booktitle	= {Proceedings of the 2012 Workshop on Cloud Services,
		  Federation, and the 8th Open Cirrus Summit},
  year		= {2012},
  series	= {FederatedClouds '12},
  pages		= {33--38},
  address	= {New York, NY, USA},
  publisher	= {ACM},
  acmid		= {2378984},
  doi		= {10.1145/2378975.2378984},
  isbn		= {978-1-4503-1754-2},
  keywords	= {cloud computing, infrastructure-as-a-service, nimbus,
		  platform-as-a-service},
  location	= {San Jose, California, USA},
  numpages	= {6},
  url		= {http://doi.acm.org/10.1145/2378975.2378984}
}

@InProceedings{	  kurze2011cloudfederation,
  author	= {Kurze, Tobias and Klems, Markus and Bermbach, David and
		  Lenk, Alexander and Tai, Stefan and Kunze, Marcel},
  title		= {Cloud federation},
  booktitle	= {CLOUD COMPUTING 2011, The Second International Conference
		  on Cloud Computing, GRIDs, and Virtualization},
  year		= {2011},
  pages		= {32--38}
}

@Misc{		  cmd3,
  author	= {von Laszewski, Gregor},
  title		= {Cmd3},
  howpublished	= {Github Documentation and Code},
  owner		= {flat},
  timestamp	= {2014.03.09},
  url		= {http://cloudmesh.futuregrid.org/cmd3/}
}

@Misc{		  rightscale,
  title		= {Rightscale inc.},
  howpublished	= {[Online]},
  note		= {\url{http://www.rightscale.com/}},
  key		= {Rightscale}
}
